1250 1889
135 73 209 109 400
438 60 640 94 DIODORI
662 56 817 90 SICVLI

223 141 287 177 88.
322 136 520 181 Γενομένης
546 130 582 166 δὲ
606 129 719 177 μάχης
744 127 784 163 τὸ
810 126 874 172 μὲν
900 124 1039 173 πρῶτον
1074 122 1148 162 τοῖς

139 197 321 236 ἱππεῦσιν,
358 189 501 228 ἅπαντα
536 186 660 231 σχεδὸν
689 185 732 220 τά
761 180 904 231 ἅρματα
931 181 997 215 τῶν
1029 174 1148 213 Ἰνδῶν

140 251 339 299 διεφθάρη·
375 247 464 294 μετά
491 244 527 279 δὲ
553 243 665 278 ταῦτα
690 241 756 275 τῶν
780 238 977 284 ἐλεφάντων
1006 235 1082 275 ταῖς
1113 245 1148 268 τε

140 311 206 345 τῶν
243 306 409 352 σωμάτων
444 301 630 348 ὑπεροχαῖς
660 295 721 332 καὶ
747 297 822 336 ταῖς
850 291 973 333 οἷλκαῖς
1004 289 1149 331 δεόντως

137 365 335 414 χρωμένων,
371 358 405 396 οἱ
430 359 492 406 μὲν
524 355 591 392 ὑπὸ
618 354 685 389 τῶν
700 352 839 400 θηρίων
857 346 1148 395 συμπατούμενοι

138 422 224 469 μετά
243 420 309 454 τῶν
329 414 444 453 ὅπλων
457 411 693 461 θραυομένων
713 408 778 443 τῶν
799 404 912 442 ὀστῶν
933 401 1147 442 ἀπώλλυντο,

140 476 174 513 οἱ
193 477 241 518 δὲ,
260 476 337 514 ταῖς
355 469 591 518 προνομαίαις
609 463 963 513 περιλαμβανόμενοι,
984 456 1043 494 καὶ
1062 457 1150 503 πρὸς

141 531 232 580 ὕψος
259 530 477 578 ἐξαρθέντες,
515 525 621 560 πάλιν
649 522 736 568 πρὸς
768 519 830 562 τὴν
855 519 922 565 γῆν
941 513 1147 563 ἧράττοντο,

141 589 201 624 καὶ
228 587 357 626 δεινοῖς
383 582 557 621 θανάτοις
581 578 821 626 περιέπιπτον.
863 570 987 609 πολλοὶ
1016 568 1052 605 δὲ
1078 568 1151 608 τοῖς

143 643 267 681 ὀδοῦσι
287 637 599 688 συγκεντούμενοι,
636 633 696 668 καὶ
724 628 766 667 δι’
790 627 879 666 ὅλων
897 628 964 663 τῶν
983 624 1152 671 σωμάτων

144 698 435 748 τιτρωσκόμενοι,
471 692 686 741 παραχρῆμα
715 688 777 723 τοῦ
805 685 865 733 ζῇν
901 681 1153 730 ἒστερίσκοντο.

145 758 211 792 τῶν
232 755 268 789 δὲ
278 751 499 789 Μακεδόνων
515 745 692 795 εὐρώστως
712 741 957 789 ὑπομενόντων
974 739 1014 774 τὸ
1028 736 1154 777 δεινὸν,

148 810 310 849 καὶτοὺς
337 805 405 842 ἀνά
439 806 549 851 μέσον
583 804 651 853 τῶν
686 799 824 846 θηρίων
857 798 934 837 ταῖς
969 792 1156 841 σαρίσσαις

149 863 400 913 ἀναιρούντων,
421 859 612 906 ἶσόῤῥοπος
630 855 671 897 ἦν
690 852 711 898 ἦ
729 854 835 899 μάχη.
867 851 954 897 μετά
974 848 1011 883 δὲ
1030 847 1153 886 ταῦτα,

151 923 215 958 τῶν
233 919 371 968 θηρίων
399 912 743 957 συνακοντιζομένων
757 937 766 951 ,
799 906 860 943 καὶ
879 905 938 941 διὰ
956 904 996 940 τὸ
1015 902 1157 946 πλῆθος

153 979 218 1015 τῶν
237 974 446 1023 τραυμάτων
464 967 688 1017 περιωδὺνων
707 965 919 1013 γινομένων,
956 958 993 995 οἶ
1015 959 1079 1004 μὲν
1097 968 1157 992 πε-

155 1032 376 1082 ριβεβηκότες
409 1025 528 1068 αὐτοῖς
557 1021 669 1058 Ἰνδοὶ
702 1021 842 1070 κρατεῖν
867 1020 927 1062 τῆς
956 1015 1065 1061 ὁρμῆς
1090 1011 1158 1047 τῶν

155 1092 245 1134 ζώων
275 1084 340 1123 οὔκ
368 1087 505 1129 ἴσχυον.
543 1078 729 1116 ἐκνεύοντα
755 1076 824 1123 γάρ
859 1072 906 1113 εἷς
932 1070 1014 1112 τοῦς
1045 1066 1159 1107 ἶὸἰους

156 1149 231 1186 ταῖς
250 1144 376 1192 ὁρμαῖς
395 1136 681 1180 ἆνακατασχέτως
697 1134 850 1179 ἐφέρετο,
865 1128 925 1165 καὶ
943 1126 1024 1166 τοὺς
1033 1124 1160 1171 φίλους

156 1200 353 1238 συνεπάτει.
389 1195 539 1242 ταρηχῆς
558 1191 594 1227 δὲ
613 1190 740 1233 πολλῆς
758 1185 964 1235 γενομένης,
993 1181 1013 1217 ὅ
1033 1178 1166 1227 Πῶρος·

156 1255 306 1293 συνιδὼν
324 1254 362 1288 τὸ
381 1251 567 1300 γινόμενον
579 1275 588 1290 ,
616 1245 676 1281 καὶ
695 1244 901 1290 τεταγμένος
917 1236 973 1275 ἐπὶ
991 1236 1056 1271 τοῦ
1074 1247 1161 1282 κρα-

156 1314 278 1349 τίστου
304 1309 370 1345 τῶν
396 1306 609 1351 ἐλεφάντων,
647 1298 796 1347 ἤθροισε
815 1294 892 1345 περὶ
912 1292 1019 1330 αὗτὸν
1038 1299 1161 1326 τεσσαο·

157 1370 312 1416 ράκοντα
329 1364 395 1400 τῶν
414 1361 550 1410 θηρίων
568 1360 611 1393 τά
629 1356 732 1404 μήπω
750 1352 1008 1401 τεταραγμένα,
1036 1344 1096 1382 καὶ
1113 1342 1160 1390 τῷ

157 1425 259 1471 βάρει
294 1422 360 1456 τῶν
394 1417 590 1463 ἐλεφάντων
636 1409 812 1457 ἐπιβαλών
847 1409 920 1447 τοῖς
961 1401 1158 1448 πολεμίοις,

158 1480 270 1515 πολὺν
288 1476 400 1513 ἐποίει
419 1474 545 1519 φόνον,
583 1466 644 1505 ἅτε
663 1466 722 1503 καὶ
741 1465 784 1513 τῇ
803 1463 900 1512 ῥώμῃ
918 1460 982 1497 τοῦ
1000 1457 1161 1503 σώματος

160 1535 250 1571 πολὺ
277 1533 432 1580 προέχων
449 1528 516 1564 τῶν
535 1522 875 1571 συστρατευομένων,
908 1518 946 1552 τὸ
965 1515 1032 1562 γάρ
1052 1513 1162 1559 μῆκος

162 1583 202 1634 ἦν
218 1588 335 1634 πηχῶν
353 1588 461 1625 πέντε,
483 1584 523 1618 τὸ
544 1577 574 1616 δ’
593 1571 693 1626 εὖρος
711 1576 860 1623 ὑπῆρχεν
879 1573 898 1609 ὅ
911 1572 1037 1618 θώραξ
1048 1564 1160 1602 αὐτοῦ

161 1645 348 1680 διπλάσιον
365 1644 432 1677 τῶν
459 1637 590 1679 ἄλλων,
626 1636 692 1670 τῶν
719 1629 891 1679 εὐρωστίᾳ
911 1624 1160 1672 διαφερόντων.

162 1699 280 1746 διόπερ
299 1700 341 1733 τά
360 1696 560 1744 βαλλόμενα
578 1690 706 1727 σαυνία
725 1686 893 1730 τοιαύτην
911 1680 978 1728 εἶχε
996 1679 1158 1724 δύναμιν,
