1250 1889
122 73 197 110 236
440 53 639 90 mooom
668 47 825 81 smvm

123 139 253 186 ἔμεινε,
293 134 413 180 λάθρα
444 127 479 162 δὲ
508 122 717 172 παρήγγειλε
744 120 805 159 τοὶς
824 117 921 151 ἐννέα
943 112 1030 152 ναῦς
1048 106 1141 144 ἄπο-

125 195 278 231 πλεῖισαι
305 190 367 232 τὴν
394 184 570 227 ταχίστην.
611 173 881 226 περισπωμένων
901 168 937 204 δὲ
956 168 1023 203 τῶν
1043 169 1144 212 Καρ-

124 248 299 297 χηδονίων
318 246 394 283 ταῖς
423 239 549 288 ψυχαῖς
570 231 648 282 περὶ
667 230 750 272 τοὺς
767 227 968 276 ἑγκαθὲτως
987 222 1144 267 δημηγο-

129 306 280 355 ροῦντας
303 298 444 348 μακρῶς
471 294 537 329 τῶν
553 288 737 336 Ῥηγίνων,
777 284 904 320 ἔλαθεν
924 279 945 315 ὅ
968 275 1146 322 Τιμολέων

131 360 280 407 διαδράς
307 355 366 392 ἐπὶ
392 354 453 396 τὴν
480 344 774 390 ὗπολελειμμένην
791 339 897 380 ναῦν,
933 333 995 370 καὶ
1018 331 1148 375 ταχέως

132 418 342 459 ἐξέπλευσεν.
363 409 398 445 οἱ
418 407 453 443 δὲ
472 400 717 450 Καρχηδόνιοι
735 388 1145 442 καταστρατηγηθέντες,

134 471 351 520 ἐπεβάλοντο
369 464 505 501 διώκειν
523 458 605 498 τούς
621 454 699 502 περὶ
717 453 778 488 τὸν
802 448 1027 497 Τιμολέοντα.
1063 440 1154 477 ἐκεί--

140 542 207 565 νων
232 527 268 562 δὲ
298 519 564 571 προειληφότων
584 511 706 548 ἱκανὸν
727 508 915 551 διάστημα,
936 500 996 537 καὶ
1015 500 1075 543 τῆς
1091 509 1150 531 νυ·

141 585 221 624 κτός
243 575 494 625 ἐπιλαβούσης,
516 571 685 616 ἔφθασαν
704 563 740 600 οἱ
758 560 838 610 περὶ
858 561 918 595 τὸν
940 555 1158 603 Τιμολέοντα

142 635 432 675 ἀποπλεύσαντες
450 627 496 670 εἷς
514 628 554 662 τὸ
580 621 832 670 Ταυρομένιον.
860 615 880 652 ὃ
901 614 938 650 δὲ
953 614 1012 656 τῆς
1030 609 1160 646 πόλεως

146 694 276 738 ταύτης
301 689 516 737 ἡγούμενος,
556 678 751 717 διαπαντὸς
776 668 1005 720 πεφρονηκώς
1029 665 1075 701 τά
1093 663 1161 698 τῶν

148 746 424 796 Συρακουσίων,
461 738 692 784 Ἀνδρόμαχος
719 728 944 777 φιλοφρόνως
971 721 1160 760 &mabsam

150 805 231 845 τοὺς
256 800 506 846 διωκομένους,
549 791 610 826 καὶ
629 789 742 824 πολλοὶ
761 783 972 829 συνεβάλετο
993 777 1081 822 πρὸς
1098 774 1161 816 τὴν

150 859 326 906 σωτηρίαν
348 851 473 889 αὐτῶν.
510 846 597 895 μετὰ
619 844 654 880 δὲ
675 843 799 881 ταῦτα,
813 838 832 873 ὁ
850 838 914 884 μὲν
929 832 1060 872 Ἱκέτας
1080 827 1165 864 ἄνα-

154 913 273 962 λαβὼν
298 913 366 947 τῶν
393 902 612 956 στρατιωτῶν
638 899 718 940 τοὺς
744 894 912 942 ἀρίστους
948 897 1168 928 πεντακισχι-

156 972 272 1011 λίους,
311 965 536 1012 ἐστράτευσεν
556 956 613 993 ἐπὶ
632 955 713 994 τοὺς
728 948 949 997 Ἀδρανῖτας,
978 940 1170 988 ἀντιπράτ-

159 1037 283 1065 τοντας
302 1018 476 1067 αῦτῷ,καῖ
494 1013 644 1057 πλησίον
663 1012 723 1054 τῆς
742 1007 872 1045 πόλεως
891 995 1174 1045 κατεστρατοπέ-

161 1083 302 1117 δευσεν·
339 1077 359 1113 ὁ
379 1075 415 1110 δὲ
439 1070 635 1118 Τιμολέων,
677 1059 967 1112 προσλαβόμενος
992 1053 1090 1100 παρά
1107 1051 1176 1085 τῶν

169 1132 419 1184 Ταυρομενίων
447 1124 671 1175 στρατιώτας,
701 1117 875 1159 ἀνέζευξεν
894 1115 931 1148 ἐκ
949 1111 1014 1146 τοῦ
1038 1113 1177 1153 Ταυρο-

162 1193 304 1239 μενίου,
343 1186 426 1226 τοὺς
451 1181 612 1219 ἅπαντας
639 1177 722 1219 ἔχων
739 1169 781 1208 οὗ
809 1170 949 1207 πλείους
967 1166 1033 1200 τῶν
1048 1161 1178 1207 χιλίων.

166 1247 359 1294 ἀρχομένης
389 1241 425 1276 δὲ
443 1242 502 1282 τῆς
529 1234 651 1272 νυκτὸς
680 1227 900 1274 ἀφορμήσας,
930 1220 989 1256 καὶ
1009 1216 1178 1256 διανύσας

166 1301 226 1338 ἐπὶ
246 1302 286 1336 τὸ
302 1296 468 1344 Ἀδρανὸν
483 1290 694 1336 δευτεραῖος,
717 1280 929 1319 ἀνελπίστως
944 1276 1092 1312 ἐπέθετο
1109 1271 1182 1310 τοῖς

170 1357 252 1404 περὶ
279 1356 340 1390 τὸν
370 1349 504 1386 Ἱκέταν
540 1339 898 1384 δειπνοποιουμένοις.
940 1325 1182 1377 παρεισπεσὼν

174 1410 212 1449 δ’
232 1410 277 1452 εἷς
295 1410 357 1453 τὴν
385 1401 631 1453 παρεμβολὴν,
667 1394 729 1432 καὶ
753 1390 929 1440 φονεύσας
953 1384 1092 1422 πλείους
1119 1381 1185 1415 τῶν

173 1465 403 1517 τριακοσίων,
442 1457 618 1506 ζωγρήσας
648 1452 685 1487 δὲ
711 1447 792 1496 περὶ
809 1443 1020 1488 ἑξακοσίους,
1042 1440 1101 1482 τῆς
1114 1448 1185 1471 πα·

175 1522 348 1572 ρεμβολῆς
367 1517 547 1564 ἐκράτησε.
583 1509 698 1554 τούτῳ
718 1505 753 1540 δὲ
771 1502 819 1550 τῷ
837 1496 1102 1548 στρατηγήματι
1120 1489 1188 1525 ἕτε·

178 1591 241 1626 ρον
273 1574 487 1619 ἐπεισάγων,
521 1565 738 1613 παραχρῆμα
773 1555 830 1594 ἐπὶ
855 1556 917 1594 τάς
952 1546 1189 1598 Συρακούσας

179 1630 382 1678 ἅφώρμησε,
404 1625 465 1661 καὶ
484 1623 654 1671 δρομαῖος
673 1617 734 1660 τὴν
754 1613 839 1649 ὁδὸν
859 1607 1038 1648 διανύσας,
1057 1601 1190 1650 ἆπροσ·

180 1685 333 1729 ὃοκήτως
350 1681 542 1729 προσέπεσε
562 1677 640 1715 ταῖς
658 1667 918 1719 Συρακούσαις,
946 1657 1191 1702 καταταχήσας
