1250 1889
173 67 245 103 388
488 55 689 91 DIODORI
717 52 866 87 SICVLI

173 147 234 168 ιον
255 127 336 178 παρ’
356 129 468 177 ἑαυτῷ
488 128 667 173 φυλάττει.
721 124 740 159 ὅ
761 124 798 159 δὲ
815 124 979 171 βασιλεὺς
996 123 1178 159 καταπλα-

172 188 261 235 γεῖς,
300 183 407 227 εὗθὺς
431 186 491 220 τόν
517 196 551 218 τε
575 183 711 228 Λίμνον
738 179 925 226 συνελαβε,
963 178 1022 215 καὶ
1050 177 1180 225 μαθὼν

173 257 336 285 απαντα,
372 241 621 287 μετεπέμψατο
649 236 711 272 τόν
726 249 760 271 τε
786 235 988 280 Κεβαλῖνον
1019 233 1079 269 καὶ
1117 234 1179 268 τὸν

181 297 351 335 Φιλώταν.
379 295 658 343 ἀνακρινομένων
679 288 716 327 δ’
736 290 912 333 ἁπάντων,
934 290 993 326 καὶ
1012 292 1072 333 τῆς
1089 290 1178 337 πρά-

175 357 252 396 ξεως
269 353 525 399 ἐξεταζομένης,
562 350 582 385 ὅ
597 349 662 396 μὲν
679 348 813 394 Λίμνος
830 348 957 382 ἑαυτὸν
976 347 1176 390 κατέσφαξε,

178 411 239 446 τοῦ
260 408 296 444 δὲ
319 408 475 444 Φιλώτου
501 404 688 454 ῥᾳθυμίαν
711 403 775 451 μὲν
801 404 930 438 ἑαυτοῦ
958 402 1179 450 προσομολο-

174 466 356 513 γήσαντος,
375 465 436 508 τὴν
454 459 490 497 δ’
509 460 700 506 ἐπιβουλὴν
719 457 1002 506 ἀπαρνουμένου,
1029 456 1091 501 τήν
1110 455 1180 504 κρί-

178 535 233 557 σιν
253 519 340 569 ὑπὲρ
367 519 496 555 τούτου
513 519 585 557 τοῖς
604 514 814 552 Μακεδόσιν
831 515 1014 561 ἐπέτρεψε.

241 595 354 619 Sceleris
367 592 476 620 conscii,
489 592 567 624 inque
579 590 620 614 his
634 588 786 616 Parmenio,
799 587 932 619 supplicio
944 586 1102 610 afficiuntur.

264 643 325 677 80.
344 639 491 674 Πολλῶν
511 636 547 672 δὲ
567 637 747 683 ῥηθέντων
765 630 953 680 λόγων,οἳ
972 630 1178 672 Μακεδόνες

180 699 399 743 κατέγνωσαν
428 694 490 730 τοῦ
522 690 682 727 Φιλώτου
706 688 765 725 καὶ
791 690 856 724 τῶν
875 688 1177 723 καταιτιαθέντων

179 752 353 789 θάνατον.
379 751 415 785 ἐν
435 744 485 790 οἷς
504 746 635 794 ὑπῆρχε
656 743 878 792 Παρμενίων,
900 743 920 779 ὅ
938 744 1072 791 πρῶτος
1091 737 1180 777 εἶναι

183 808 291 842 δοκῶν
319 805 385 839 τῶν
406 801 625 849 Ἀλεξάνδρου
649 802 774 846 φίλων,
813 800 888 834 τότε
919 798 954 833 δὲ
987 794 1030 834 οὔ
1049 797 1180 845 παρὼν,

184 860 270 897 ἆλλιὶ
291 860 391 901 δόξας
408 858 466 894 διά
485 858 548 894 τοῦ
569 854 664 891 ἶδίου
683 853 763 889 υἶοῦ
781 853 939 889 Φιλώτου
959 854 1182 897 πεποιῆσθαι

184 919 244 962 τὴν
271 915 472 962 ἐπιβουλήν.
527 912 546 948 ὅ
562 912 626 959 μὲν
649 902 713 946 οὖν
738 908 914 950 Φιλώτας,
947 906 1183 952 βασανισθεὶς

184 974 372 1019 πρότερον,
412 969 470 1005 καὶ
488 966 708 1015 ὁμολογήσας
726 965 786 1008 τὴν
805 963 1008 1010 ἐπιβουλὴν,
1035 963 1124 998 κατά
1143 964 1183 998 ·ιό

183 1030 248 1065 τῶν
266 1026 487 1065 Μακεδόνων
507 1024 591 1065 ἔθος
606 1023 693 1070 μετά
711 1022 777 1055 τῶν
793 1019 1185 1066 συγκαταγνωσθέντων

184 1084 415 1126 ἐθανατώθη.
437 1080 566 1129 ομοίως
584 1079 621 1115 δὲ
639 1076 749 1122 τούτῳ
769 1075 827 1111 καὶ
847 1074 867 1110 ὅ
883 1075 1086 1122 Λυγκιστής
1098 1070 1184 1109 Αλέ-

182 1141 335 1187 ξανδρος,
358 1136 477 1174 αἰτίαν
497 1136 579 1181 ἔχων
610 1132 939 1179 ἐπιβεβουλευκέναι
959 1130 1005 1176 τῷ
1029 1130 1181 1175 βασιλεῖ,

184 1197 300 1244 τριετῆ
318 1194 382 1241 μὲν
402 1206 467 1228 ουν
487 1192 617 1238 χρόνον
637 1191 672 1224 ἐν
691 1186 832 1234 φυλακῇ
852 1184 1062 1233 τηρούμενος
1082 1184 1183 1219 διετέ-

182 1255 275 1295 λεσε,
314 1249 372 1284 διά
391 1248 454 1293 τήν
472 1248 558 1295 πρὸς
579 1242 774 1290 ’.4ντίγονον
801 1239 998 1284 οἰκειότητα
1022 1238 1185 1307 τετευχὼς

185 1306 381 1353 ἀναβολῆς·
414 1304 491 1339 τότε
517 1298 554 1337 δ’
574 1302 620 1342 εἷς
646 1300 708 1342 τήν
733 1298 800 1333 τῶν
822 1295 1043 1332 Μακεδόνων
1070 1295 1185 1344 κρίσιν

185 1359 396 1409 παραχθεις,
425 1373 485 1394 και
505 1357 596 1393 κατά
615 1356 676 1399 τήι
691 1351 888 1399 ἆπολογίαν
908 1349 1104 1397 απορηθεις
1121 1351 1183 1385 λό-

184 1432 264 1465 γων,
292 1413 524 1457 εθανατὼθη.
570 1411 591 1447 ὅ
607 1407 645 1445 δ’
664 1407 876 1454 Ἀλέξανδρος
893 1407 1072 1453 εκπέμψας
1089 1406 1185 1445 τινάς

184 1472 241 1509 ἐπι
260 1470 445 1520 δρομάδων
465 1467 636 1515 καμήλων,
664 1479 725 1499 και
744 1464 891 1509 φθάσας
908 1463 970 1505 τήν
986 1462 1106 1506 φήμην
1125 1463 1185 1505 τῆς

185 1527 264 1576 περὶ
283 1529 344 1562 τὸν
368 1523 526 1561 Φιλώταν
545 1520 728 1568 τιμωρίας,
755 1521 815 1555 τὸν
833 1519 969 1564 πατέρα
989 1517 1052 1551 τοῖ·
1073 1515 1183 1552 Φιλώ-

188 1597 251 1619 του
270 1581 505 1629 Παρμειίωνα
534 1577 784 1621 εδολοφόιησε,
820 1573 1028 1620 τεταγμένον
1045 1571 1106 1616 μὲν
1125 1572 1184 1613 τῆς

185 1633 369 1681 Μηδίας”
346 1649 514 1685 αρχοντα,
553 1631 824 1676 πεπιστευμένον
852 1628 888 1663 δέ
915 1627 996 1668 τοὺς
1013 1626 1183 1673 βασιλέως

184 1692 424 1740 θησαυροὺς
409 1705 443 1726 εν
458 1686 516 1725 Ἐκ
520 1689 697 1736 ἳατάνοις,
719 1685 860 1729 ἔχοντας
879 1683 1055 1719 ταλάντων
1073 1677 1180 1715 ὄκτω·
