1250 1889
164 81 240 120 324
479 65 682 104 DIODORI
709 60 865 97 SICVLI

162 147 384 198 φιλάδελφον
402 145 462 189 τῆς
482 141 596 189 ψυχῆς
615 137 725 173 οἴσειν
744 129 839 177 αὐτῷ
857 127 1069 178 περιβόητον
1086 123 1185 169 παριὶ

169 207 322 254 Πέρσαις
342 202 456 243 δόξαν,
477 195 694 245 προεμάχετο
714 189 780 225 τοῦ
789 184 946 234 Δαρείου
963 181 1184 228 τεθρίππου,

165 260 227 298 καὶ
245 255 316 307 μετ’
345 253 527 304 ἐμπειρίας
546 247 719 295 εὐτόλμως
744 246 816 286 τοῖς
833 240 1015 286 πολεμίοις
1032 236 1187 282 συμπλε-

169 318 324 363 κόμενος,
345 310 497 351 πολλοὺς
511 306 700 344 ἀπέκτεινε.
722 301 788 336 τῶν
808 298 844 334 δέ
862 295 942 345 περὶ
959 295 1021 330 τὸν
1036 289 1190 332 Ἀλέξαν-

170 373 254 419 δρον
271 365 585 418 ὑπερβαλλομένων
605 362 683 401 ταῖς
703 354 988 404 ἀνδραγαθίαις,
1029 347 1108 395 περὶ
1125 346 1191 394 μὲν

170 430 210 464 τὸ
237 427 300 463 τοῦ
328 424 484 472 Δαρείου
511 421 714 466 τέθριππον
745 410 833 455 ταχὺ
851 407 981 454 νεκρῶν
1007 401 1190 451 ἕσωρεὺθη

170 486 324 529 πλῆθος.
343 482 471 519 πάντες
488 476 558 525 γὰρ
577 473 754 520 ἐφιέμενοι
772 467 835 502 τοῦ
854 462 1026 512 βασιλέως
1037 458 1190 506 ψαῦσαι,

174 541 263 587 πρὸς
291 536 462 581 ἀλλήλους
487 530 723 576 ἔκθυμότατα
744 520 1010 569 διηγωνίζοντο,
1047 511 1192 550 καὶτοῦ

177 596 236 645 ζῇν
256 592 429 638 οὗδεμίαν
448 588 636 626 ἐποιοῦντο
655 579 777 629 φειδώ.
797 577 924 614 ἔπεσον
942 569 979 608 δ’
991 574 1028 607 ἐν
1046 566 1198 615 κινδύνῳ

178 651 292 698 τούτῳ
316 646 441 685 πολλοὶ
466 645 534 680 τῶν
552 640 651 688 παρά
671 638 830 685 Πέρσαις
856 628 1039 676 ἐπιφανῶν
1065 622 1197 674 ἡγεμό-

179 721 259 751 νων,
279 708 316 742 ἐν
335 700 387 746 οἷς
404 701 563 749 ὗπῆρχον
590 693 738 738 Ἀτιζύης
763 689 823 726 καὶ
834 685 1070 732 ’1)εομίθρης,
1098 678 1159 716 καὶ
1177 676 1198 713 ὅ

180 766 242 807 τῆς
258 760 447 807 Αἰγύπτου
466 754 648 802 σατράπης
671 746 862 790 Τασιοὶκης.
909 739 1039 788 ὁμοίως
1058 737 1095 773 δὲ
1114 736 1201 771 πολ-

183 820 249 853 λῶν
269 815 330 851 καὶ
350 814 448 861 παρὰ
464 813 537 850 τοῖς
555 805 749 844 Μακεδόσι
767 801 963 839 πεσόντων,
991 793 1123 839 συνέβη
1141 787 1204 826 καὶ

185 870 295 910 αὐτόν
313 871 375 905 τὸν
390 864 607 912 Ἀλέξανδρον
625 859 811 908 τρωθῆναι
829 855 890 889 τὸν
908 851 1035 898 μηρὸν,
1064 857 1204 894 περιχυ·

186 931 324 965 θέντων
344 922 437 971 αὐτῷ
463 923 531 956 τῶν
550 915 736 961 πολεμίων.
771 909 806 946 οἱ
826 909 862 945 δὲ
879 908 943 942 τὸν
962 905 1026 940 τοῦ
1046 900 1205 950 Δαρείου

189 983 393 1032 τεθρίππου
422 978 525 1026 ζυγὸν
548 974 727 1018 ἐπέχοντες
744 967 861 1007 ἵπποι,
888 959 1207 1011 τραυματιζόμενοι

188 1041 336 1079 πυκνῶς,
360 1034 421 1071 καὶ
439 1033 496 1069 διὰ
514 1031 554 1067 τὸ
573 1030 714 1073 πλῆθος
730 1024 797 1059 τῶν
817 1018 897 1067 περὶ
916 1013 1047 1056 αὖτοὺς
1056 1025 1209 1061 σωρευο-

191 1099 302 1144 μένων
321 1092 450 1140 νεκρῶν
474 1086 702 1135 πτυρόμενοι,
723 1080 768 1115 τοὶ
785 1077 848 1124 μὲν
863 1073 992 1119 χαλινὰ
1002 1069 1208 1108 διεσείοντο,

192 1147 276 1200 παρ’
296 1147 417 1196 ὀλίγον
445 1144 482 1180 δὲ
500 1141 562 1178 καὶ
591 1136 700 1175 αὐτὸν
721 1136 785 1171 τὸν
802 1131 958 1179 Δαρεῖον
977 1124 1024 1169 εἷς
1041 1125 1124 1166 τοὺς
1141 1136 1209 1158 πο-

194 1207 336 1254 λεμίους
357 1202 553 1248 ἐξήνεγκαν.
607 1195 662 1230 διὸ
689 1190 749 1227 καὶ
776 1183 989 1224 κινδυνεύων
1019 1180 1170 1226 ἐσχάτως
1190 1176 1211 1213 ὅ

198 1261 363 1301 Βασιλεὺς
381 1254 487 1297 αῧτός
506 1251 643 1302 ἥρπασε
662 1247 744 1288 τούς
762 1245 925 1293 ῥυτῆρας,
945 1234 1213 1282 συναναγκαζό-

197 1331 301 1366 μενος
320 1316 426 1351 λῦσαι
443 1312 507 1354 τὴν
526 1307 726 1354 σεμνότητα
744 1302 804 1344 τῆς
821 1294 1052 1347 προστασίας,
1072 1290 1132 1327 καὶ
1150 1289 1213 1324 τὸν

200 1374 299 1421 παρὰ
319 1370 475 1417 Πέρσαις
494 1367 568 1406 τοῖς
585 1359 770 1408 βασιλεῦσι
788 1354 948 1400 κείμενον
973 1350 1084 1396 νόμον
1109 1344 1215 1391 ὕπερ·

202 1432 320 1476 βῆναι.
355 1423 545 1473 προσήχθη
561 1419 598 1454 δὲ
616 1414 677 1452 καὶ
696 1415 895 1459 τέθριππον
923 1405 1040 1453 ἕτερον
1058 1400 1128 1438 ὕπὸ
1147 1400 1216 1435 τῶν

204 1482 386 1532 ὑπηρετῶν
413 1479 459 1525 τῷ
477 1474 626 1523 Δαρείῳ,
655 1468 714 1506 καὶ
729 1468 820 1504 κατὰ
839 1465 904 1506 τὴν
922 1460 969 1502 εἷς
986 1458 1092 1495 τοῦτο
1110 1455 1217 1503 μετοί-

205 1542 314 1587 βασιν
340 1535 492 1584 ταραχῆς
508 1531 714 1579 γενομένης,
751 1523 770 1559 ὅ
788 1522 851 1567 μὲν
865 1518 1026 1565 Δαρεῖος,
1046 1509 1219 1556 ἐπικειμέ-

206 1608 273 1629 νων
293 1595 359 1630 τῶν
378 1589 569 1635 πολεμίων,
598 1582 645 1625 εἷς
666 1581 824 1623 ἔκπληξιν
843 1574 903 1610 καὶ
922 1572 998 1612 δέος
1018 1570 1217 1606 ἐνέπιπτεν·

208 1649 243 1684 οἱ
265 1650 300 1684 δὲ
320 1649 470 1693 Πέρσαι,
492 1643 553 1678 τὸν
571 1637 722 1687 βασιλέα
740 1629 1022 1673 κατανοήσαντες
1045 1620 1219 1668 ταραττό-

208 1717 325 1746 ιιενον,
345 1700 390 1742 εἷς
408 1699 527 1747 φυγήν
547 1693 729 1745 ὥρμησαν.
756 1689 795 1724 τὸ
816 1683 851 1723 δ’
873 1681 961 1721 αὗτό
981 1680 1040 1717 καὶ
1058 1678 1126 1714 τῶν
1145 1677 1221 1719 ἕχο-
