1250 1889
119 103 195 138 220
435 87 639 123 DIODORI
667 82 822 119 SICVLI

121 167 295 215 θημάτων
316 164 509 207 κατέκοψεν
530 157 576 199 εἷς
595 158 656 198 τάς
675 156 742 190 τῶν
758 155 861 193 ξένων
889 150 1131 199 μισθοφοράς.

123 225 183 263 τάς
218 223 287 270 γάρ
323 216 562 256 ἀνατεθείσας
601 212 669 248 ὑπὸ
709 209 873 257 Κροίσου
908 209 972 244 τοῦ
1003 204 1136 242 Λυδῶν

123 279 295 326 βασιλέως
310 274 446 324 χρυσᾶς
465 271 653 310 πλίνθους,
677 262 787 306 οὔσας
807 263 932 301 ἑκατὸν
951 260 1011 298 καὶ
1025 262 1137 297 εἴκοσι

124 333 374 372 διταλάντους,
413 329 611 372 κατέκοψεν
643 320 688 364 εἷς
724 321 898 367 νόμισμα·
936 318 1067 364 φιάλας
1103 315 1139 351 δὲ

125 389 260 438 χρυσᾶς
295 386 500 435 τριακοσίας
534 381 594 417 καὶ
627 379 795 422 ἑξήκοντα
833 374 1036 422 διμναίους,
1080 370 1141 406 καὶ

127 446 251 482 λέοντα
265 443 426 492 χρυσοῦν
445 437 504 475 καὶ
530 438 685 485 γυναῖκα
699 461 708 476 ,
747 432 938 480 τριάκοντα
963 428 1143 464 ταλάντων

127 501 264 549 χρυσοῦ
285 497 453 543 σταθμὸν
471 493 630 542 ἀγόντων
649 491 716 526 τῶν
736 489 894 523 πάντων·
913 482 1001 521 ὥστε
1021 483 1061 518 τὸ
1073 482 1142 518 πᾶν

131 555 335 592 κατακοπὲν
351 553 514 601 χρυσίον,
530 547 576 590 εἷς
595 544 770 596 ἀργυρίου
789 543 896 591 λόγον
915 539 1143 588 ἀναγομένων

132 613 201 647 τῶν
217 610 425 659 χρημάτων,
447 605 678 655 εὑρίσκεσθαι
697 601 852 636 τάλαντα
871 595 1146 645 τετρακισχίλια·

135 669 201 702 τῶν
223 666 258 702 δὲ
276 664 441 712 ἀργυρῶν
459 659 703 707 ἀναθημάτων
729 657 797 691 τῶν
821 667 856 690 τε
885 652 953 688 ὑπὸ
987 650 1149 699 Κροίσου

134 722 196 757 καὶ
214 723 282 756 τῶν
298 717 411 755 ἄλλων
430 717 595 753 ἁπάντων
615 712 879 752 ἀνατεθέντων,
918 707 999 748 τοὺς
1016 706 1151 745 πάντας

135 776 360 825 στρατηγοὺς
380 772 662 815 ὅεδαπανηκέναι
682 768 838 802 τάλαντα
857 764 963 799 πλείω
981 763 1048 797 τῶν
1073 763 1151 801 ἐξα·

136 833 333 877 κισχιλίων·
371 827 659 877 προστιθεμένων
679 822 716 857 δὲ
735 820 792 856 καὶ
820 821 887 854 τῶν
905 817 1046 865 χρυσῶν
1064 812 1153 850 ἀνα·

138 887 333 934 θημάτων,
366 883 595 932 ὑπερβάλλειν
613 880 656 914 τά
674 876 787 925 μύρια
807 875 972 910 τάλαντα.
1011 871 1097 907 ἔνιοι
1114 869 1152 905 δὲ

142 945 208 979 τῶν
238 942 471 990 συγγραφέων
499 936 610 983 φασὶν
638 930 703 969 οὒκ
738 932 868 967 ἐλάττω
903 928 1073 976 γενέσθαι
1106 925 1150 961 τά

142 1000 344 1042 συληθέντα
371 998 438 1030 τῶν
466 996 502 1029 ἐν
529 994 601 1032 τοῖς
630 989 821 1037 Περσικοῖς
854 985 1059 1030 θησαυροῖς
1093 977 1149 1016 ὕπ’

137 1052 360 1100 Ἀλεξάνδρου
380 1049 687 1093 κατακτηθέντων.
723 1041 951 1090 ἐπεχείρησαν
970 1035 999 1074 δ’
1021 1037 1057 1074 οἱ
1074 1035 1154 1083 περὶ

143 1111 204 1145 τὸν
237 1110 418 1145 Φάλαικον
445 1100 636 1153 στρατηγοὶ
664 1098 724 1135 καὶ
758 1099 820 1133 τὸν
855 1096 942 1132 ναὸν
980 1091 1149 1142 ὀρύττειν,

144 1164 305 1204 εἰπόντος
333 1164 427 1202 τινὸς
462 1160 505 1201 ὧς
540 1162 575 1194 ἐν
609 1153 704 1202 αὐτῷ
740 1152 927 1200 θησαυρὸς
959 1151 1010 1194 εἴη
1043 1148 1155 1184 πολὺν

145 1222 229 1267 ἔχων
246 1218 402 1269 ἄργυρόν
420 1230 454 1251 τε
475 1214 533 1250 καὶ
545 1213 701 1261 χρυσόν·
723 1208 781 1245 καὶ
799 1209 842 1243 τά
862 1205 940 1254 περὶ
959 1206 1020 1249 τὴν
1038 1203 1159 1240 ἑστίαν

147 1277 208 1313 καὶ
227 1277 289 1311 τὸν
309 1272 461 1322 τρίποδα
480 1269 669 1315 φιλοτίμως
688 1264 929 1301 ἀνέσκαπτον·
957 1260 977 1296 ὁ
997 1260 1034 1295 δὲ
1050 1257 1162 1305 μηνὺ·

149 1346 214 1373 σας
237 1332 298 1366 τὸν
326 1328 534 1376 θησαυρὸν,
568 1325 733 1370 μάρτυρα
754 1320 936 1366 παρείχετο
955 1317 1016 1351 τὸν
1035 1317 1162 1358 ἐπιφα-

150 1391 318 1424 νέστατον
337 1383 396 1418 καὶ
416 1381 651 1430 ἀρχαιότατον
669 1378 736 1412 τῶν
756 1374 909 1418 ποιητῶν
921 1368 1098 1418 Ὅμηρον,
1128 1370 1163 1404 ἐν

151 1438 204 1484 οἷς
222 1444 321 1488 λέγει,

214 1493 297 1532 Οὐδ’
319 1492 388 1530 ὅσα
407 1493 523 1531 λάϊνος
541 1487 647 1530 οὐδὸς
663 1485 842 1533 ἀφήτορος
861 1484 956 1523 ἐντὸς
975 1482 1082 1527 ἐέργει

211 1552 350 1597 Φοίβου
366 1546 586 1587 Ἀπόλλωνος,
608 1544 739 1579 Πυθοῖ
757 1539 806 1577 ἐνὶ
827 1539 1031 1586 πετρηέσσῃ.

154 1607 223 1640 τῶν
243 1605 278 1640 δὲ
297 1605 518 1653 στρατιωτῶν
537 1599 784 1648 ἐγχειρούντων
813 1595 982 1630 σκάπτειν
1009 1591 1051 1624 τά
1082 1585 1163 1635 περὶ

156 1662 217 1696 τὸν
245 1659 415 1707 τρίποδα,
449 1656 587 1703 σεισμοὶ
612 1654 760 1701 μεγάλοι
786 1650 968 1698 γενόμενοι
988 1647 1060 1686 τοῖς
1085 1649 1162 1680 Φω-

156 1717 254 1751 κεῦσι
290 1715 409 1761 φόβον
443 1714 656 1755 ἐπέστησαν·
701 1706 859 1755 φανερῶς
894 1703 931 1739 δὲ
967 1702 1033 1737 τῶν
1067 1699 1163 1735 θεῶν
