1250 1889
145 117 195 151 60
232 141 236 145 .
487 109 692 143 DIODORI
719 110 873 145 SICVLI

144 180 447 226 ἐπαγγελλομένου
466 180 651 228 κρατήσειν
669 182 727 226 τῆς
746 181 893 223 πόλεως,
925 180 982 223 τό,
1010 193 1044 215 τε
1061 181 1157 229 θρά-

145 248 205 276 σος
224 231 336 270 afim&
355 234 416 270 καὶ
435 234 498 279 τήν
513 233 638 283 αἱρετὴν
659 232 1040 282 ὕπὼπτευσεν,μὴκατ’
1059 233 1155 272 ἰδίαν

147 290 303 337 κατάσχη
330 291 393 334 τὴν
418 291 615 339 Αἴγυπτον.
671 291 793 340 διόπερ
820 288 863 327 οὗ
889 292 1155 340 συγχωροῦντος

146 359 210 381 του
234 347 491 393 Φαρναβάζου,
514 347 533 383 ὁ
550 344 747 395 Ἰφικράτης
767 347 1032 395 διεμαρτύρατο,
1050 348 1155 394 λέγων

145 400 190 441 ὣς
207 402 268 437 ἐάν
286 403 425 451 παρῶσι
444 403 507 446 τήν
526 400 673 448 ὀξύτητα
693 416 758 438 των
786 404 933 451 καιρῶν,
970 397 1155 450 ἄπρακτον

145 457 339 500 ποιήσουσι
364 459 428 501 τήν
456 460 588 503 πολλὴν
618 459 808 505 στρατιάν·
844 459 1028 504 ἐφθόνουν
1048 455 1151 506 αὐτῷ,

145 511 205 547 καὶ
222 511 396 560 διαβολάς
413 511 563 556 άδίκους
581 516 806 562 προσῆπτον·
844 513 880 549 οἳ
906 513 942 548 δὲ
965 513 1154 560 Αἰγύπτιοι

145 569 279 612 πολλὴν
296 566 528 618 άναστροφήν
547 571 732 616 λαβόντες,
769 567 816 610 εἷς
841 570 904 616 μὲν
923 570 985 613 τὴν
1004 569 1155 615 Μέμφιν

143 625 340 671 ἐξέπεμψαν
360 625 423 668 τὴν
442 624 566 669 ἱκανὴν
586 627 758 671 φυλακὴν,
779 623 838 660 ἐπὶ
858 624 892 661 δὲ
910 625 951 660 τὸ
969 627 1156 671 πεπορθη-

142 679 249 724 μένον
267 681 505 726 πολισμάτιον
524 682 656 722 πάσαις
674 683 749 722 ταῖς
770 680 939 727 δυνάμεσι
955 680 1154 727 ποιραγενόῃ

142 747 257 779 μενοι,
276 735 336 770 καὶ
351 737 463 771 πολλά
482 738 777 779 πλεονεκτοῦντες,
793 736 851 772 διά
871 738 934 780 τήν
952 737 1019 771 τῶν
1039 732 1154 771 ὅπλων

143 787 361 837 ὀχυρότητα,
406 793 615 835 συμπλοκάς
647 791 831 827 ἐποιοῦντο
867 794 940 833 τοῖς
974 792 1152 837 πολεμίοις

143 846 305 889 συνεχεῖς.
343 843 398 881 άεὶ
417 845 453 880 δὲ
471 848 603 891 μᾶλλον
621 847 860 890 ἐπισχύοντες,
899 846 1050 886 πολλοὺς
1067 843 1152 893 άνῄ-

141 912 231 947 ρουν
250 902 318 935 τῶν
338 903 506 949 Περσῶν,
530 901 588 937 καὶ
608 902 861 949 κατεθάῤῥουν
882 903 947 936 τῶν
964 902 1150 948 πολεμίων.

141 955 371 1004 χρονιζούσης
408 957 444 991 δὲ
480 959 539 1002 τῆς
574 955 653 1004 περὶ
691 959 730 992 τὸ
776 957 1008 1004 πολισμάτιον
1043 957 1150 993 τοῦτο

143 1011 327 1059 στρατείας
345 1011 406 1047 καὶ
425 1014 491 1048 τῶν
509 1012 654 1057 ἐτησίων
673 1010 738 1057 ἤδη
757 1012 963 1059 γενομένων,
986 1012 1006 1048 ὅ
1032 1013 1150 1053 Νεῖλος

144 1065 402 1115 πληρούμενος,
439 1068 499 1103 καὶ
524 1069 642 1102 πάντα
668 1069 780 1103 τόπον
798 1070 928 1113 ἐπέχων
954 1068 1001 1114 τῷ
1019 1068 1151 1111 πλήθει

144 1124 206 1156 τοῦ
233 1122 425 1170 ῥεύματος,
464 1121 532 1158 aiei
555 1123 691 1169 μᾶλλον
718 1120 856 1171 ὠχύρου
875 1124 938 1167 τήν
952 1124 1148 1169 Αἴγυπτον.

143 1176 178 1212 οἶ
197 1177 233 1212 δὲ
251 1179 319 1212 τῶν
339 1181 486 1225 Περσῶν
504 1175 685 1226 ἡγεμόνες,
708 1176 1012 1226 ἀντιπραττούσης
1026 1174 1149 1218 αὖτοῖς

142 1230 197 1268 ἀεὶ
216 1235 277 1277 τῆς
294 1235 545 1280 περιστάσεως,
578 1233 731 1281 ἔγνωκαν
749 1237 785 1269 ἐκ
805 1236 862 1278 τῆς
880 1231 1067 1281 Αἰγύπτου
1086 1235 1147 1277 τήν

141 1286 351 1334 ἀπαλλαγὴν
377 1291 615 1334 ποιήσασθαι.
650 1288 771 1337 διόπερ
797 1291 1012 1324 ἐπανιόντων
1031 1286 1146 1324 αὐτῶν

139 1341 185 1384 εἷς
205 1345 266 1388 τὴν
282 1340 421 1387 Ἀσίαν,
458 1344 517 1380 καὶ
534 1346 722 1392 γενομένης
741 1344 918 1393 διαφορᾶς
935 1344 981 1391 τῷ
1005 1350 1146 1392 Φαρνα-

137 1399 231 1448 βάζῳ
249 1399 336 1446 πρὸς
354 1400 416 1434 τὸν
434 1396 649 1447 Ἰφικράτην,
672 1398 896 1440 ὑποπτεύσας
914 1399 935 1434 ὁ
948 1396 1144 1446 Ἰφικράτης

135 1455 184 1499 μὴ
205 1455 407 1502 συλληφθῇ,
429 1455 489 1490 καὶ
508 1455 674 1503 τιμωρίας
692 1454 777 1502 τύχῃ
790 1483 798 1497 ,
829 1455 996 1502 καθάπερ
1020 1455 1142 1489 Κόνων

134 1508 272 1544 ἔπαθεν
290 1509 310 1544 ὁ
334 1507 541 1554 Ἀθηναῖος,
580 1510 689 1559 ἔκρινε
717 1512 838 1558 λάθρα
865 1510 1006 1557 φεύγειν
1023 1511 1058 1544 ἐκ
1077 1509 1140 1542 τοῖ’

136 1564 392 1611 στρατοπέδου.
439 1566 493 1600 διὸ
525 1565 584 1601 καὶ
614 1567 976 1613 παρασκευασάμενος
1006 1565 1140 1605 πλοῖον,

136 1616 245 1654 ἔλαθε
263 1621 387 1661 νυκτὸς
405 1619 636 1668 ἀπαλλαγεὶς,
672 1621 735 1656 καὶ
754 1620 997 1659 καταπλεύσας
1014 1617 1060 1659 εἷς
1082 1619 1141 1658 τάς

138 1675 292 1716 Αθήνας.
343 1675 362 1710 ὁ
398 1675 433 1711 δὲ
478 1677 711 1724 Φαρνάβαζος
745 1678 908 1724 πρέσβεις
943 1676 1139 1721 ἐκπέμψας,

137 1730 353 1776 κατηγόρησε
380 1733 443 1765 τοῦ
468 1728 707 1780 Ἰφικράτους,
744 1731 787 1773 ὧς
821 1730 938 1766 αἰτίου
956 1730 1140 1776 γεγονότος
