1250 1889
118 83 195 120 350
439 68 648 105 DIODORI
674 62 828 99 SICVLl

207 147 272 184 52.
303 142 439 191 Κρίνας
459 139 493 176 δ’
522 143 558 176 ἐν
577 137 688 186 ταύτῃ
707 135 809 171 πόλιν
826 133 980 182 μεγάλην
1001 129 1133 174 κτίσαι,

120 203 314 252 προσέταξε
333 201 406 240 τοῖς
425 195 483 233 ἐπὶ
502 198 564 241 τὴν
592 194 790 240 ἐπιμέλειαν
815 188 948 234 ταὺτην
975 187 1135 222 καταλει-

122 259 302 306 πομένοις,
325 253 504 302 ἄναμέσον
522 253 582 296 τῆς
600 264 636 285 τε
655 249 775 295 λίμνης
795 245 853 281 καὶ
870 246 930 289 τῆς
948 242 1137 286 θαλάσσης

121 313 260 351 οἰκίσαι
278 312 342 356 τὴν
361 311 477 347 πόλιν.
512 306 745 354 διαμετρήσας
765 302 802 337 δὲ
821 301 881 336 τὸν
908 299 1040 341 τόπον,
1077 295 1138 333 καὶ

123 367 377 419 ῥυμοτομήσας
412 366 620 411 φιλοτέχνως
651 360 716 405 τὴν
751 358 871 398 πόλιν,
909 351 972 401 ἀφ’
1007 352 1137 390 ἑαυτοῦ

125 425 416 473 προσηγόρευσεν
430 417 698 466 Ἀλεξάνδρειαν,
735 409 969 461 εὐκαιρότατα
987 410 1052 455 μέν
1070 421 1138 443 κει-

125 482 232 528 μένην
249 479 398 524 πλησίον
417 477 480 512 τοῦ
506 475 633 523 Φάρου
651 471 809 514 λιμένος,
837 464 1003 513 εὐστοχίᾳ
1023 464 1059 500 δὲ
1078 465 1138 508 τῆς

129 533 351 585 ῥυμοτομίας
385 531 537 576 ποιήσας
573 528 810 564 ὅιαπνεῖσθαι
841 523 905 567 τὴν
935 522 1039 557 πόλιν
1065 520 1140 560 τοῖς

131 592 282 636 ἐτησίοις
299 587 458 636 ἀνέμοις·
481 585 541 622 καὶ
558 583 694 621 τούτων
713 581 889 617 πνεόντων
907 577 971 625 μὲν
991 575 1050 611 διὰ
1078 574 1141 611 τοῖ’)

130 647 300 695 μεγίστου
319 645 511 691 πελάγους,
533 639 812 687 καταψυχόντων
831 635 868 670 δὲ
885 634 948 669 τὸν
969 632 1061 667 κατὰ
1080 631 1142 674 τήν

132 703 236 737 πόλιν
255 699 361 748 ἀέρα,
387 699 520 743 πολλὴν
537 698 612 737 τοῖς
627 693 855 731 κατοικοῦσιν
872 686 1064 738 εὗκρασίαν
1083 684 1159 721 καὶ.

134 756 272 804 ὑγίειαν
290 753 535 791 κατεσκεύασε.
572 751 632 787 καὶ
651 751 713 785 τὸν
728 749 791 795 μὲν
819 745 1010 793 περίβολον
1036 739 1144 787 αῧτῆς

134 810 359 855 ὓπεστήσατο
379 809 426 856 τῷ
445 822 479 843 τε
493 808 638 855 μεγέθει
658 805 874 850 διαφέροντα
893 800 953 836 καὶ
971 799 1060 835 κατά
1080 797 1142 841 τὴν

135 864 333 915 ὅχυρότητα
360 863 581 911 θαυμάσιον.
619 859 688 895 αἰνὰ
712 859 821 905 μέσον
845 856 915 904 γάρ
933 853 979 890 ὢν
995 854 1145 901 μεγάλης

135 922 259 968 λίμνης
277 921 337 958 καὶ
357 921 416 964 τῆς
432 919 633 962 θαλάττης,
672 914 736 950 δύο
762 913 875 959 μόνον
900 908 973 946 ἀπὸ
1002 911 1064 954 τῆς
1081 909 1144 956 γῆς

136 976 244 1018 ὁδοὺς
262 977 383 1016 στενὰς
406 975 491 1020 ἔχει,
526 972 587 1009 καὶ
601 971 775 1010 παντελῶς
793 964 1048 1014 εὖφυλάκτους.
1085 964 1147 999 τὸν

138 1033 176 1069 δὲ
211 1033 325 1069 τύπον
356 1030 536 1067 ἀποτελῶν
567 1025 721 1074 χλαμύδι
766 1021 1035 1073 παραπλήσιον,
1081 1018 1148 1064 ἔχει

136 1090 307 1125 πλατεῖαν
319 1116 329 1131 ,
364 1089 473 1133 μέσην
492 1083 615 1129 σχεδὸν
634 1083 698 1126 τήν
716 1081 819 1116 πόλιν
837 1079 1054 1124 τέμνουσαν,
1088 1073 1148 1110 καὶ

139 1144 186 1191 τῷ
212 1157 247 1179 τε
270 1144 416 1191 μεγέθει
450 1140 510 1176 καὶ
541 1140 663 1175 πλάτει
698 1134 930 1183 θαυμαστήν.
975 1129 1047 1167 ἅπό
1081 1130 1149 1177 γάρ

141 1202 251 1246 πύλης
268 1198 326 1235 ἐπὶ
344 1197 458 1241 πῦλην
477 1195 667 1240 διήκουσα,
706 1190 971 1238 τεσσαράκοντα
989 1186 1054 1234 μὲν
1069 1184 1151 1221 στά-

141 1256 225 1292 δίων
244 1255 309 1300 ἔχει
329 1254 368 1289 τὸ
387 1254 514 1300 μῆκος,
551 1251 714 1296 πλέθρου
732 1246 767 1282 δὲ
787 1246 825 1281 τὸ
846 1245 992 1285 πλάτος,
1031 1239 1151 1277 οἰκιῶν

142 1312 181 1348 δὲ
199 1309 262 1347 καὶ
280 1309 378 1358 ἱερῶν
397 1306 599 1344 πολυτελέσι
619 1302 854 1342 κατασκευαῖς
871 1299 970 1334 πᾶσα
980 1297 1150 1343 κεκόσμη-

142 1381 212 1402 ται.
246 1366 435 1414 προσέταξε
455 1358 484 1397 δ’
507 1361 526 1397 ὅ
539 1357 755 1407 Ἀλέξανδρος
773 1356 833 1392 καὶ
851 1355 1014 1401 βασίλεια
1040 1364 1148 1387 κατα-

143 1422 316 1458 σκευάσαι
349 1417 547 1463 θαυμαστοὶ
581 1415 673 1450 κατὰ
709 1413 747 1448 τὸ
772 1412 927 1459 μέγεθος
951 1406 1011 1444 καὶ
1038 1407 1149 1454 βάρος

145 1479 212 1513 τῶν
232 1475 349 1523 ἐ’ργων.
386 1470 430 1509 οὗ
449 1473 559 1519 μόνον
580 1467 613 1505 δ’
635 1469 654 1504 ὁ
668 1466 900 1515 Ἀλέξανδρος,
921 1462 1010 1499 ἄλλά
1034 1460 1093 1497 καὶ
1113 1459 1150 1497 οἷ

145 1529 217 1578 μετ’
239 1527 349 1566 αὐτὸν
367 1526 638 1575 βασιλεύσαντες
656 1521 841 1570 Αἶγύπτου
863 1521 961 1566 μέχρι
979 1518 1044 1554 τοῦ
1063 1512 1148 1551 καθ’

146 1583 237 1630 ἡμᾶς
261 1585 364 1631 βίου,
385 1582 509 1627 σχεδὸν
527 1578 678 1621 ἅπαντες
697 1576 899 1615 πολυτελέσι
918 1572 1151 1611 κατασκευαῖς

146 1637 306 1683 ηὔξησαν
339 1635 430 1674 αὐτὰ
466 1638 508 1672 τοὶ
531 1636 704 1682 βασίλεια.
758 1631 920 1667 καθόλου
946 1626 1027 1672 δὲῆ
1055 1626 1151 1665 πόλις

152 1693 327 1737 τοσαύτην
344 1692 505 1728 ἐπίδοσιν
523 1690 705 1737 ἕλαβενέν
729 1689 803 1728 τοῖς
828 1683 973 1732 ὕστερον
998 1681 1148 1729 χρόνοις,
